@misc{CWE_193,
 author = {MITRE},
 title = {{C}ommon {W}eakness {E}numeration: {CWE-193}: {O}ff-by-one {E}rror},
 year = {2018},
 month = {December},
 note = {\url{https://cwe.mitre.org/data/definitions/193.html}}
}

@book{placeholder,
 author = {Luca Feltrin and Galini Tsoukaneri and Massimo Condoluci and Chiara Buratti and Toktam Mahmoodi and Mischa Dohler and Roberto Verdone},
 title = {Narrowband IoT: A Survey on Downlink and Uplink Perspectives},
 publisher = {IEEE},
 year = {2019, },
 note = {999133},
 address = {New York, NY, USA},
 isbn = {978-1-4503-2309-3}
}

% Overview article of NB-IoT technology	
@article{NB-overview,
 author = {Luca Feltrin and Galini Tsoukaneri and Massimo Condoluci and Chiara Buratti and Toktam Mahmoodi and Mischa Dohler and Roberto Verdone},
 title = {Narrowband IoT: A Survey on Downlink and Uplink Perspectives},
 journal = {IEEE Wireless Communications},
 year = {2019},
 number = {1},
 volume = {26},
 pages = {78--86},
 doi = {10.1109/MWC.2019.1800020},
 bibsource = {IEEE - IEEE Xplore Digital Library, https://ieeexplore.ieee.org/Xplore/home.jsp},
 biburl = {https://ieeexplore-ieee-org.ezproxy.its.uu.se/document/8641430},
 note = {},
}


@online{what_is_iot,
	author = {Steve Ranger},
	title = {What is the IoT? Everything you need to know about the Internet of Things right now},
	year = 2018,
	url = {https://www.zdnet.com/article/what-is-the-internet-of-things-everything-you-need-to-know-about-the-iot-right-now/},
	urldate = {2019-09-03}
}

@online{vetek,
	author = {Vetek},
	title = {Om Vetek},
	year = 2019,
	url = {https://www.vetek.se/om-vetek/content},
	urldate = {2019-09-25}
}

@online{telia-first,
	author = {Telia},
	title = {Telia först i Sverige med rikstäckande nät för sakernas internet - Narrowband IoT},
	year = 2018,
	url = {http://press.telia.se/pressreleases/telia-foerst-i-sverige-med-rikstaeckande-naet-foer-sakernas-internet-narrowband-iot-2517174},
	urldate = {2019-10-03}
}

@online{telia-nb,
	author = {Telia},
	title = {NB-IOT},
	year = 2018,
	url = {https://www.teliacompany.com/en/about-the-company/internet-of-things/nb-iot/},
	urldate = {2019-10-03}
}

@online{tele2-nokia,
	author = {Arne Schaelicke},
	title = {Tele2 beats the heat in Estonia with NB-IoT},
	year = 2016,
	url = {https://www.nokia.com/blog/tele2-beats-heat-estonia-nb-iot/},
	urldate = {2019-10-03}
}

@online{load-cell-spec,
	author = {Dara Trent},
	title = {Understanding Load Cell Specifications},
	year = 2019,
	url = {https://www.800loadcel.com/white-papers/377.html},
	urldate = {2019-10-05}
}

@mastersthesis{hospital,
	author = {Lisa Mach and Maneejun Kadepisarn},
	title = {Internetuppkopplade vågar
	till Södersjukhuset},
	school = {Kungliga Tekniska Högskolan},
	year = {2019},
	month = {June},
	address = {Kungliga Tekniska Högskolan, CBH STH, SE-141 86, Flemingsberg, Sweden},
	note = {Bachelor's thesis}
}


% First study, 135 participants, favours camelCase
@inproceedings{to-camelCase-or-under-score,
 author = {Luca Feltrin and Galini Tsoukaneri and Massimo Condoluci and Chiara Buratti and Toktam Mahmoodi and Mischa Dohler and Roberto Verdone},
 title = {Narrowband IoT: A Survey on Downlink and Uplink Perspectives},
 conference = {IEEE Wireless},
 location = {Vancouver, BC, Canada},
 month = {May},
 year = {2009},
 publisher = {IEEE},
 doi = {10.1109/ICPC.2009.5090039},
}

